@online{json,
author = "Ecma International",
date = "2013-10",
shorthand = "ECMA-404",
title = "The JSON Data Interchange Format",
url = "http://www.ecma-international.org/publications/files/ECMA-ST/ECMA-404.pdf",
}

@online{es5,
author = "Ecma International",
date = "2011-06",
shorthand = "ECMA-262",
title = "ECMAScript Language Specification Edition 5.1",
url = "http://www.ecma-international.org/ecma-262/5.1/index.html",
}

@online{rfc7159,
author = "T. Bray",
date = "2014-03",
shorthand = "RFC7159",
title = "The JavaScript Object Notation (JSON) Data Interchange Format",
url = "https://tools.ietf.org/html/rfc7159",
}

@online{unicode,
author = "The Unicode Consortium",
shorthand = "UNICODE",
title = "The Unicode Standard",
url = "http://www.unicode.org/versions/latest/",
}

@online{float,
author = "IEEE",
date = "2008-08",
shorthand = "IEEE754",
title = "IEEE Standard for Floating-Point Arithmetic",
url = "http://grouper.ieee.org/groups/754/",
}
